<?xml version="1.0" encoding="UTF-8"?><record xmlns="http://www.loc.gov/MARC21/slim" xmlns:cinclude="http://apache.org/cocoon/include/1.0" xmlns:zs="http://www.loc.gov/zing/srw/">
  <leader>00499cz  a2200157n  4500</leader>
  <controlfield tag="001">no 89000962 </controlfield>
  <controlfield tag="003">DLC</controlfield>
  <controlfield tag="005">20010320072157.0</controlfield>
  <controlfield tag="008">890130nc acannaabn          |a aaa     c</controlfield>
  <datafield tag="010" ind1=" " ind2=" ">
    <subfield code="a">no 89000962 </subfield>
  </datafield>
  <datafield tag="035" ind1=" " ind2=" ">
    <subfield code="a">(OCoLC)oca02450279</subfield>
  </datafield>
  <datafield tag="040" ind1=" " ind2=" ">
    <subfield code="a">InU</subfield>
    <subfield code="b">eng</subfield>
    <subfield code="c">InU</subfield>
    <subfield code="d">InU</subfield>
    <subfield code="d">OCoLC</subfield>
  </datafield>
  <datafield tag="100" ind1="1" ind2=" ">
    <subfield code="a">Feng, Menglong,</subfield>
    <subfield code="d">1574-1646.</subfield>
    <subfield code="t">Xiao fu.</subfield>
    <subfield code="l">Japanese</subfield>
  </datafield>
  <datafield tag="400" ind1="1" ind2=" ">
    <subfield code="a">Feng, Menglong,</subfield>
    <subfield code="d">1574-1646.</subfield>
    <subfield code="t">Zenʼyaku Shōfu</subfield>
  </datafield>
  <datafield tag="400" ind1="1" ind2=" ">
    <subfield code="w">nnea</subfield>
    <subfield code="a">Feng, Meng-lung,</subfield>
    <subfield code="d">1574-1646.</subfield>
    <subfield code="t">Hsiao fu.</subfield>
    <subfield code="l">Japanese</subfield>
  </datafield>
  <datafield tag="670" ind1=" " ind2=" ">
    <subfield code="a">His Zenʼyaku Shōfu, 1983.</subfield>
  </datafield>
</record>